
@book{hortala_gonzalez_matematica_1998,
	address = {Madrid},
	series = {Estudios complutenses.},
	title = {Matemática discreta y lógica matemática},
	isbn = {84-89784-37-X 978-84-89784-37-6},
	language = {Español},
	publisher = {Editorial Complutense},
	author = {Hortalá González, María Teresa. and Leach Albert, Javier and Rodríguez Artalejo, Mario. and Rodríguez Artalejo, Mario.},
	year = {1998}
}